% Semantic part segmentation
@inproceedings{rauschert2012generative,
  title={A generative model for simultaneous estimation of human body shape and pixel-level segmentation},
  author={Rauschert, Ingmar and Collins, Robert T},
  booktitle={European Conference on Computer Vision},
  pages={704--717},
  year={2012},
  organization={Springer}
}

@inproceedings{long2015fully,
  title={Fully convolutional networks for semantic segmentation},
  author={Long, Jonathan and Shelhamer, Evan and Darrell, Trevor},
  booktitle={Proceedings of the IEEE conference on computer vision and pattern recognition},
  pages={3431--3440},
  year={2015}
}

@inproceedings{wang2015joint,
  title={Joint object and part segmentation using deep learned potentials},
  author={Wang, Peng and Shen, Xiaohui and Lin, Zhe and Cohen, Scott and Price, Brian and Yuille, Alan L},
  booktitle={Proceedings of the IEEE International Conference on Computer Vision},
  pages={1573--1581},
  year={2015}
}

@article{chen2016deeplab,
  title={Deeplab: Semantic image segmentation with deep convolutional nets, atrous convolution, and fully connected crfs},
  author={Chen, Liang-Chieh and Papandreou, George and Kokkinos, Iasonas and Murphy, Kevin and Yuille, Alan L},
  journal={arXiv preprint arXiv:1606.00915},
  year={2016}
}

